@article{DBLP:journals/acta/KoblerST89,
  author    = {Johannes K{\"{o}}bler and
               Uwe Sch{\"{o}}ning and
               Jacobo Tor{\'{a}}n},
  title     = {On Counting and Approximation},
  journal   = {Acta Inf.},
  volume    = {26},
  number    = {4},
  pages     = {363--379},
  year      = {1989},
  url       = {http://dx.doi.org/10.1007/BF00276023},
  doi       = {10.1007/BF00276023},
  timestamp = {Tue, 11 Jan 2011 17:20:09 +0100},
  biburl    = {http://dblp.uni-trier.de/rec/bib/journals/acta/KoblerST89},
  bibsource = {dblp computer science bibliography, http://dblp.org}
}

