@article{DBLP:journals/ipl/Mathon79,
  author    = {Rudolf Mathon},
  title     = {A Note on the Graph Isomorphism counting Problem},
  journal   = {Inf. Process. Lett.},
  volume    = {8},
  number    = {3},
  pages     = {131--132},
  year      = {1979},
  url       = {http://dx.doi.org/10.1016/0020-0190(79)90004-8},
  doi       = {10.1016/0020-0190(79)90004-8},
  timestamp = {Thu, 07 Jul 2011 15:51:15 +0200},
  biburl    = {http://dblp.uni-trier.de/rec/bib/journals/ipl/Mathon79},
  bibsource = {dblp computer science bibliography, http://dblp.org}
}

