@article{DBLP:journals/jcss/SalujaST95,
  author    = {Sanjeev Saluja and
               K. V. Subrahmanyam and
               Madhukar N. Thakur},
  title     = {Descriptive Complexity of {\#}P Functions},
  journal   = {J. Comput. Syst. Sci.},
  volume    = {50},
  number    = {3},
  pages     = {493--505},
  year      = {1995},
  url       = {http://dx.doi.org/10.1006/jcss.1995.1039},
  doi       = {10.1006/jcss.1995.1039},
  timestamp = {Tue, 05 Jul 2011 11:11:02 +0200},
  biburl    = {http://dblp.uni-trier.de/rec/bib/journals/jcss/SalujaST95},
  bibsource = {dblp computer science bibliography, http://dblp.org}
}

