@article{DBLP:journals/tcs/Valiant79,
  author    = {Leslie G. Valiant},
  title     = {The Complexity of Computing the Permanent},
  journal   = {Theor. Comput. Sci.},
  volume    = {8},
  pages     = {189--201},
  year      = {1979},
  url       = {http://dx.doi.org/10.1016/0304-3975(79)90044-6},
  doi       = {10.1016/0304-3975(79)90044-6},
  timestamp = {Wed, 07 Sep 2011 12:13:19 +0200},
  biburl    = {http://dblp.uni-trier.de/rec/bib/journals/tcs/Valiant79},
  bibsource = {dblp computer science bibliography, http://dblp.org}
}

