@inproceedings{DBLP:conf/csl/0001HKV16,
  author    = {Arnaud Durand and
               Anselm Haak and
               Juha Kontinen and
               Heribert Vollmer},
  title     = {Descriptive Complexity of {\#}AC\({}^{\mbox{0}}\) Functions},
  booktitle = {25th {EACSL} Annual Conference on Computer Science Logic, {CSL} 2016,
               August 29 - September 1, 2016, Marseille, France},
  pages     = {20:1--20:16},
  year      = {2016},
  crossref  = {DBLP:conf/csl/2016},
  url       = {https://doi.org/10.4230/LIPIcs.CSL.2016.20},
  doi       = {10.4230/LIPIcs.CSL.2016.20},
  timestamp = {Fri, 30 Nov 2018 13:30:34 +0100},
  biburl    = {https://dblp.org/rec/bib/conf/csl/0001HKV16},
  bibsource = {dblp computer science bibliography, https://dblp.org}
}

@proceedings{DBLP:conf/csl/2016,
  editor    = {Jean{-}Marc Talbot and
               Laurent Regnier},
  title     = {25th {EACSL} Annual Conference on Computer Science Logic, {CSL} 2016,
               August 29 - September 1, 2016, Marseille, France},
  series    = {LIPIcs},
  volume    = {62},
  publisher = {Schloss Dagstuhl - Leibniz-Zentrum fuer Informatik},
  year      = {2016},
  url       = {http://www.dagstuhl.de/dagpub/978-3-95977-022-4},
  isbn      = {978-3-95977-022-4},
  timestamp = {Wed, 27 Sep 2017 13:54:28 +0200},
  biburl    = {https://dblp.org/rec/bib/conf/csl/2016},
  bibsource = {dblp computer science bibliography, https://dblp.org}
}

