@article{DBLP:journals/tcs/AlvarezJ93,
  author    = {Carme {\`{A}}lvarez and
               Birgit Jenner},
  title     = {A Very Hard log-Space Counting Class},
  journal   = {Theor. Comput. Sci.},
  volume    = {107},
  number    = {1},
  pages     = {3--30},
  year      = {1993},
  url       = {http://dx.doi.org/10.1016/0304-3975(93)90252-O},
  doi       = {10.1016/0304-3975(93)90252-O},
  timestamp = {Wed, 07 Sep 2011 12:13:22 +0200},
  biburl    = {http://dblp.uni-trier.de/rec/bib/journals/tcs/AlvarezJ93},
  bibsource = {dblp computer science bibliography, http://dblp.org}
}

