@article{OH93,
  author    = {Mitsunori Ogiwara and
               Lane A. Hemachandra},
  title     = {A Complexity Theory for Feasible Closure Properties},
  journal   = {J. Comput. Syst. Sci.},
  volume    = {46},
  number    = {3},
  pages     = {295--325},
  year      = {1993},
  url       = {http://dx.doi.org/10.1016/0022-0000(93)90006-I},
  doi       = {10.1016/0022-0000(93)90006-I},
  timestamp = {Tue, 05 Jul 2011 11:10:55 +0200},
  biburl    = {http://dblp.uni-trier.de/rec/bib/journals/jcss/OgiwaraH93},
  bibsource = {dblp computer science bibliography, http://dblp.org}
}


@article{FH08,
  author    = {Piotr Faliszewski and
               Lane A. Hemaspaandra},
  title     = {The consequences of eliminating {NP} solutions},
  journal   = {Computer Science Review},
  volume    = {2},
  number    = {1},
  pages     = {40--54},
  year      = {2008},
  url       = {http://dx.doi.org/10.1016/j.cosrev.2008.02.001},
  doi       = {10.1016/j.cosrev.2008.02.001},
  timestamp = {Thu, 20 Nov 2008 15:17:55 +0100},
  biburl    = {http://dblp.uni-trier.de/rec/bib/journals/csr/FaliszewskiH08},
  bibsource = {dblp computer science bibliography, http://dblp.org}
}


@article{DrosteG07,
  author    = {Manfred Droste and
               Paul Gastin},
  title     = {Weighted automata and weighted logics},
  journal   = {Theor. Comput. Sci.},
  volume    = {380},
  number    = {1-2},
  year      = {2007},
  pages     = {69-86}
}

@book{droste2009handbook,
	title={Handbook of weighted automata},
	author={Droste, Manfred and Kuich, Werner and Vogler, Heiko},
	year={2009},
	publisher={Springer Science \& Business Media}
}

@book{L04,
  author    = {Leonid Libkin},
  title     = {Elements of Finite Model Theory},
  publisher = {Springer},
  year      = {2004}
}

@book{immerman2012descriptive,
	title={Descriptive complexity},
	author={Immerman, Neil},
	year={2012},
	publisher={Springer Science \& Business Media}
}

@book{arora2009computational,
	title={Computational complexity: a modern approach},
	author={Arora, Sanjeev and Barak, Boaz},
	year={2009},
	publisher={Cambridge University Press}
}

@article{fagin1974generalized,
	title={Generalized first-order spectra and polynomial-time recognizable sets},
	author={Fagin, Ronald},
	journal   = {Complexity of Computation, SIAM-AMS Proceedings},
	number    = {7},
	pages     = {43-73}
	year={1974}
}

@article{KoblerST89,
  author    = {Johannes K{\"{o}}bler and
               Uwe Sch{\"{o}}ning and
               Jacobo Tor{\'{a}}n},
  title     = {On Counting and Approximation},
  journal   = {Acta Inf.},
  volume    = {26},
  number    = {4},
  pages     = {363--379},
  year      = {1989},
  url       = {http://dx.doi.org/10.1007/BF00276023},
  doi       = {10.1007/BF00276023},
  timestamp = {Tue, 11 Jan 2011 17:20:09 +0100},
  biburl    = {http://dblp.uni-trier.de/rec/bib/journals/acta/KoblerST89},
  bibsource = {dblp computer science bibliography, http://dblp.org}
}

@article{Mathon79,
  author    = {Rudolf Mathon},
  title     = {A Note on the Graph Isomorphism counting Problem},
  journal   = {Inf. Process. Lett.},
  volume    = {8},
  number    = {3},
  pages     = {131--132},
  year      = {1979},
  url       = {http://dx.doi.org/10.1016/0020-0190(79)90004-8},
  doi       = {10.1016/0020-0190(79)90004-8},
  timestamp = {Thu, 07 Jul 2011 15:51:15 +0200},
  biburl    = {http://dblp.uni-trier.de/rec/bib/journals/ipl/Mathon79},
  bibsource = {dblp computer science bibliography, http://dblp.org}
}

@inproceedings{Gradel91,
  author    = {Erich Gr{\"{a}}del},
  title     = {The Expressive Power of Second Order Horn Logic},
  booktitle = {{STACS} 91, 8th Annual Symposium on Theoretical Aspects of Computer
               Science, Hamburg, Germany, February 14-16, 1991, Proceedings},
  pages     = {466--477},
  year      = {1991},
  crossref  = {DBLP:conf/stacs/1991},
  url       = {http://dx.doi.org/10.1007/BFb0020821},
  doi       = {10.1007/BFb0020821},
  timestamp = {Mon, 05 Oct 2009 16:12:29 +0200},
  biburl    = {http://dblp.uni-trier.de/rec/bib/conf/stacs/Gradel91},
  bibsource = {dblp computer science bibliography, http://dblp.org}
}

@inproceedings{Immerman82,
	author    = {Neil Immerman},
	title     = {Relational Queries Computable in Polynomial Time (Extended Abstract)},
	booktitle={Proceedings of the fourteenth annual ACM symposium on Theory of computing},
	pages     = {147--152},
	year      = {1982}
}

@inproceedings{vardi1982complexity,
	title={The complexity of relational query languages},
	author={Vardi, Moshe},
	booktitle={Proceedings of the fourteenth annual ACM symposium on Theory of computing},
	pages={137--146},
	year={1982},
}

@proceedings{Choffrut91,
  editor    = {Christian Choffrut and
               Matthias Jantzen},
  title     = {{STACS} 91, 8th Annual Symposium on Theoretical Aspects of Computer
               Science, Hamburg, Germany, February 14-16, 1991, Proceedings},
  series    = {Lecture Notes in Computer Science},
  volume    = {480},
  publisher = {Springer},
  year      = {1991},
  isbn      = {3-540-53709-0},
  timestamp = {Mon, 17 Jun 2002 13:27:44 +0200},
  biburl    = {http://dblp.uni-trier.de/rec/bib/conf/stacs/1991},
  bibsource = {dblp computer science bibliography, http://dblp.org}
}

@inproceedings{PagourtzisZ06,
  author    = {Aris Pagourtzis and
               Stathis Zachos},
  title     = {The Complexity of Counting Functions with Easy Decision Version},
  booktitle = {Mathematical Foundations of Computer Science 2006, 31st International
               Symposium, {MFCS} 2006, Star{\'{a}} Lesn{\'{a}}, Slovakia, August
               28-September 1, 2006, Proceedings},
  pages     = {741--752},
  year      = {2006},
  crossref  = {DBLP:conf/mfcs/2006},
  url       = {http://dx.doi.org/10.1007/11821069_64},
  doi       = {10.1007/11821069_64},
  timestamp = {Wed, 22 Nov 2006 15:15:29 +0100},
  biburl    = {http://dblp.uni-trier.de/rec/bib/conf/mfcs/PagourtzisZ06},
  bibsource = {dblp computer science bibliography, http://dblp.org}
}

@proceedings{Kralovic06,
  editor    = {Rastislav Kralovic and
               Pawel Urzyczyn},
  title     = {Mathematical Foundations of Computer Science 2006, 31st International
               Symposium, {MFCS} 2006, Star{\'{a}} Lesn{\'{a}}, Slovakia, August
               28-September 1, 2006, Proceedings},
  series    = {Lecture Notes in Computer Science},
  volume    = {4162},
  publisher = {Springer},
  year      = {2006},
  isbn      = {3-540-37791-3},
  timestamp = {Wed, 22 Nov 2006 15:15:29 +0100},
  biburl    = {http://dblp.uni-trier.de/rec/bib/conf/mfcs/2006},
  bibsource = {dblp computer science bibliography, http://dblp.org}
}

@article{Valiant79,
  author    = {Leslie G. Valiant},
  title     = {The Complexity of Computing the Permanent},
  journal   = {Theor. Comput. Sci.},
  volume    = {8},
  pages     = {189--201},
  year      = {1979},
  url       = {http://dx.doi.org/10.1016/0304-3975(79)90044-6},
  doi       = {10.1016/0304-3975(79)90044-6},
  timestamp = {Wed, 07 Sep 2011 12:13:19 +0200},
  biburl    = {http://dblp.uni-trier.de/rec/bib/journals/tcs/Valiant79},
  bibsource = {dblp computer science bibliography, http://dblp.org}
}

@article{SalujaST95,
  author    = {Sanjeev Saluja and
               K. V. Subrahmanyam and
               Madhukar N. Thakur},
  title     = {{Descriptive Complexity of {\#}P Functions}},
  journal   = {J. Comput. Syst. Sci.},
  volume    = {50},
  number    = {3},
  pages     = {493--505},
  year      = {1995},
  url       = {http://dx.doi.org/10.1006/jcss.1995.1039},
  doi       = {10.1006/jcss.1995.1039},
  timestamp = {Tue, 05 Jul 2011 11:11:02 +0200},
  biburl    = {http://dblp.uni-trier.de/rec/bib/journals/jcss/SalujaST95},
  bibsource = {dblp computer science bibliography, http://dblp.org}
}

@article{AlvarezJ93,
  author    = {Carme {\`{A}}lvarez and
               Birgit Jenner},
  title     = {A Very Hard log-Space Counting Class},
  journal   = {Theor. Comput. Sci.},
  volume    = {107},
  number    = {1},
  pages     = {3--30},
  year      = {1993},
  url       = {http://dx.doi.org/10.1016/0304-3975(93)90252-O},
  doi       = {10.1016/0304-3975(93)90252-O},
  timestamp = {Wed, 07 Sep 2011 12:13:22 +0200},
  biburl    = {http://dblp.uni-trier.de/rec/bib/journals/tcs/AlvarezJ93},
  bibsource = {dblp computer science bibliography, http://dblp.org}
}

@article{ComptonG96,
	author    = {Kevin J. Compton and
	Erich Gr{\"{a}}del},
	title     = {Logical Definability of Counting Functions},
	journal   = {J. Comput. Syst. Sci.},
	volume    = {53},
	number    = {2},
	pages     = {283--297},
	year      = {1996},
	url       = {http://dx.doi.org/10.1006/jcss.1996.0069},
	doi       = {10.1006/jcss.1996.0069},
	timestamp = {Tue, 05 Jul 2011 11:11:07 +0200},
	biburl    = {http://dblp.uni-trier.de/rec/bib/journals/jcss/ComptonG96},
	bibsource = {dblp computer science bibliography, http://dblp.org}
}

@inproceedings{AbiteboulV89,
	author    = {Serge Abiteboul and
	Victor Vianu},
	title     = {Fixpoint Extensions of First-Order Logic and Datalog-Like Languages},
	booktitle = {Proceedings of the Fourth Annual Symposium on Logic in Computer Science
	{(LICS} '89), Pacific Grove, California, USA, June 5-8, 1989},
	pages     = {71--79},
	year      = {1989},
	crossref  = {DBLP:conf/lics/1989},
	url       = {http://dx.doi.org/10.1109/LICS.1989.39160},
	doi       = {10.1109/LICS.1989.39160},
	timestamp = {Thu, 22 Jan 2015 09:23:59 +0100},
	biburl    = {http://dblp.uni-trier.de/rec/bib/conf/lics/AbiteboulV89},
	bibsource = {dblp computer science bibliography, http://dblp.org}
}

@article{Ladner89,
	author    = {Richard E. Ladner},
	title     = {Polynomial Space Counting Problems},
	journal   = {{SIAM} J. Comput.},
	volume    = {18},
	number    = {6},
	pages     = {1087--1097},
	year      = {1989},
	url       = {http://dx.doi.org/10.1137/0218073},
	doi       = {10.1137/0218073},
	timestamp = {Mon, 12 Sep 2011 16:10:09 +0200},
	biburl    = {http://dblp.uni-trier.de/rec/bib/journals/siamcomp/Ladner89},
	bibsource = {dblp computer science bibliography, http://dblp.org}
}