@inproceedings{DBLP:conf/stacs/Gradel91,
  author    = {Erich Gr{\"{a}}del},
  title     = {The Expressive Power of Second Order Horn Logic},
  booktitle = {{STACS} 91, 8th Annual Symposium on Theoretical Aspects of Computer
               Science, Hamburg, Germany, February 14-16, 1991, Proceedings},
  pages     = {466--477},
  year      = {1991},
  crossref  = {DBLP:conf/stacs/1991},
  url       = {http://dx.doi.org/10.1007/BFb0020821},
  doi       = {10.1007/BFb0020821},
  timestamp = {Mon, 05 Oct 2009 16:12:29 +0200},
  biburl    = {http://dblp.uni-trier.de/rec/bib/conf/stacs/Gradel91},
  bibsource = {dblp computer science bibliography, http://dblp.org}
}

@proceedings{DBLP:conf/stacs/1991,
  editor    = {Christian Choffrut and
               Matthias Jantzen},
  title     = {{STACS} 91, 8th Annual Symposium on Theoretical Aspects of Computer
               Science, Hamburg, Germany, February 14-16, 1991, Proceedings},
  series    = {Lecture Notes in Computer Science},
  volume    = {480},
  publisher = {Springer},
  year      = {1991},
  isbn      = {3-540-53709-0},
  timestamp = {Mon, 17 Jun 2002 13:27:44 +0200},
  biburl    = {http://dblp.uni-trier.de/rec/bib/conf/stacs/1991},
  bibsource = {dblp computer science bibliography, http://dblp.org}
}

