@inproceedings{DBLP:conf/mfcs/PagourtzisZ06,
  author    = {Aris Pagourtzis and
               Stathis Zachos},
  title     = {The Complexity of Counting Functions with Easy Decision Version},
  booktitle = {Mathematical Foundations of Computer Science 2006, 31st International
               Symposium, {MFCS} 2006, Star{\'{a}} Lesn{\'{a}}, Slovakia, August
               28-September 1, 2006, Proceedings},
  pages     = {741--752},
  year      = {2006},
  crossref  = {DBLP:conf/mfcs/2006},
  url       = {http://dx.doi.org/10.1007/11821069_64},
  doi       = {10.1007/11821069_64},
  timestamp = {Wed, 22 Nov 2006 15:15:29 +0100},
  biburl    = {http://dblp.uni-trier.de/rec/bib/conf/mfcs/PagourtzisZ06},
  bibsource = {dblp computer science bibliography, http://dblp.org}
}

@proceedings{DBLP:conf/mfcs/2006,
  editor    = {Rastislav Kralovic and
               Pawel Urzyczyn},
  title     = {Mathematical Foundations of Computer Science 2006, 31st International
               Symposium, {MFCS} 2006, Star{\'{a}} Lesn{\'{a}}, Slovakia, August
               28-September 1, 2006, Proceedings},
  series    = {Lecture Notes in Computer Science},
  volume    = {4162},
  publisher = {Springer},
  year      = {2006},
  isbn      = {3-540-37791-3},
  timestamp = {Wed, 22 Nov 2006 15:15:29 +0100},
  biburl    = {http://dblp.uni-trier.de/rec/bib/conf/mfcs/2006},
  bibsource = {dblp computer science bibliography, http://dblp.org}
}

